<record><leader>00000cas a22000007a 4500</leader><controlfield tag="001">25690195</controlfield><controlfield tag="008">920422d19261957wyuwr ne      0    0eng d</controlfield><controlfield tag="009">14262</controlfield><datafield ind1=" " ind2=" " tag="010"><subfield code="a">sn 92067027 </subfield></datafield><datafield ind1=" " ind2=" " tag="040"><subfield code="a">NVO</subfield><subfield code="b">eng</subfield><subfield code="c">NVO</subfield><subfield code="d">OCLCQ</subfield></datafield><datafield ind1="1" ind2=" " tag="029"><subfield code="a">AU@</subfield><subfield code="b">000020701996</subfield></datafield><datafield ind1=" " ind2=" " tag="042"><subfield code="a">msc</subfield></datafield><datafield ind1="0" ind2="0" tag="245"><subfield code="a">Lusk free lance.</subfield></datafield><datafield ind1=" " ind2=" " tag="260"><subfield code="a">Lusk, Wyo. :</subfield><subfield code="b">J.E. Mayes</subfield></datafield><datafield ind1=" " ind2=" " tag="300"><subfield code="a">v.</subfield></datafield><datafield ind1=" " ind2=" " tag="310"><subfield code="a">Weekly</subfield></datafield><datafield ind1="0" ind2=" " tag="362"><subfield code="a">Vol. 6, no. 18 (Apr. 8, 1926)-v. 35, no. 33 (Jan. 17, 1957).</subfield></datafield><datafield ind1=" " ind2="4" tag="651"><subfield code="a">Lusk (Wyo.)</subfield><subfield code="v">Newspapers.</subfield></datafield><datafield ind1=" " ind2="4" tag="651"><subfield code="a">Niobrara County (Wyo.)</subfield><subfield code="v">Newspapers.</subfield></datafield><datafield ind1=" " ind2=" " tag="752"><subfield code="a">United States</subfield><subfield code="b">Wyoming</subfield><subfield code="c">Niobrara</subfield><subfield code="d">Lusk.</subfield></datafield><datafield ind1="0" ind2="0" tag="780"><subfield code="t">Van Tassell booster and Lusk free lance</subfield><subfield code="w">(DLC)sn 92067026</subfield></datafield><datafield ind1="0" ind2="4" tag="785"><subfield code="t">Lusk herald (Lusk, Wyo. : 1927)</subfield></datafield></record>